<record><leader>00000cas a22000007a 4500</leader><controlfield tag="001">13016082</controlfield><controlfield tag="008">860113d18791uuuwiuuu ne      0    0eng d</controlfield><datafield ind1=" " ind2=" " tag="010"><subfield code="a">sn 86086027 </subfield></datafield><datafield ind1=" " ind2=" " tag="040"><subfield code="a">NPV</subfield><subfield code="b">eng</subfield><subfield code="c">NPV</subfield><subfield code="d">OCLCQ</subfield></datafield><datafield ind1=" " ind2=" " tag="042"><subfield code="a">msc</subfield></datafield><datafield ind1=" " ind2=" " tag="045"><subfield code="a">w7--</subfield></datafield><datafield ind1=" " ind2=" " tag="052"><subfield code="a">4123</subfield><subfield code="b">S6</subfield></datafield><datafield ind1="0" ind2="4" tag="245"><subfield code="a">The Waldo advertiser.</subfield></datafield><datafield ind1=" " ind2=" " tag="260"><subfield code="a">Waldo, Wis. :</subfield><subfield code="b">L.K. Howe,</subfield><subfield code="c">1879-</subfield></datafield><datafield ind1=" " ind2=" " tag="300"><subfield code="a">v.</subfield></datafield><datafield ind1="0" ind2=" " tag="362"><subfield code="a">Aug. 6, 1879-</subfield></datafield><datafield ind1=" " ind2=" " tag="500"><subfield code="a">Editor: L.K. Howe, &lt;Aug. 6, 1879&gt;.</subfield></datafield><datafield ind1=" " ind2=" " tag="530"><subfield code="a">Available on microfilm from The State Historical Society of Wisconsin.</subfield></datafield><datafield ind1=" " ind2=" " tag="752"><subfield code="a">United States</subfield><subfield code="b">Wisconsin</subfield><subfield code="c">Sheboygan</subfield><subfield code="d">Waldo.</subfield></datafield><datafield ind1="1" ind2=" " tag="029"><subfield code="a">AU@</subfield><subfield code="b">000025822448</subfield></datafield></record>